@BOOK{DeepLearning,
TITLE     = {\href{http://www.deeplearningbook.org}{Deep Learning}},
AUTHOR    = {Ian Goodfellow and Yoshua Bengio and Aaron Courville},
PUBLISHER = {MIT Press},
YEAR      = {2016},
URL       = {http://www.deeplearningbook.org}
}
@MISC{SemiSupervised,
AUTHOR    = {Oliver Chapelle and Bernhard Sch√∂lkopf and Alexander Zien},
TITLE     = {\href{https://mitpress.mit.edu/books/semi-supervised-learning}{Semi-supervised learning explained}},
PUBLISHER = {MIT Press},
YEAR      = {2006},
URL       = {https://mitpress.mit.edu/books/semi-supervised-learning}
}