@ARTICLE{Cherry,
TITLE     = {\href{http://www.ee.columbia.edu/~dpwe/papers/Cherry53-cpe.pdf}{Some Experiments on the Recognition of Speech, with One and with Two Ears}},
AUTHOR    = {C E Colin},
JOURNAL   = {The Journal of the Acoustical Society of America},
VOLUME    = {25},
NUMBER    = {5},
PAGES     = {975--979},
YEAR      = {1953},
}
@INPROCEEDINGS{CocktailPartyProblemRevisit,
TITLE     = {\href{https://orbit.dtu.dk/files/6337747/imm6197.pdf}{The Role of Top-Down Attention in the Cocktail Party: Revisiting Cherry’s Experiment after Sixty Years}},
BOOKTITLE = {Proceedings of the tenth International Conference on Machine Learning and Applications (ICMLA'11)},
AUTHOR    = {Letizia Marchegiani and Seliz Karadogan and Tobias Andersen and Jan Larsen and Hansen, {Lars Kai}},
LANGUAGE  = {English},
PUBLISHER = {IEEE},
ADDRESS   = {United States},
YEAR      = {2011},
}
@BOOK{DeepLearning,
TITLE     = {\href{http://www.deeplearningbook.org}{Deep Learning}},
AUTHOR    = {Ian Goodfellow and Yoshua Bengio and Aaron Courville},
PUBLISHER = {MIT Press},
YEAR      = {2016}
}
@ARTICLE{MRIImageInverseProblem,
TITLE     = {\href{https://b-ok.org/book/3335545/2a0afd}{Sur les problèmes aux dérivées partielles et leur signification physique}},
AUTHOR    = {Jacques Hadamard},
JOURNAL   = {Princeton University Bulletin},
YEAR      = {1902},
PAGES     = {pp. 49-52}
}
@MISC{AudioAI,
TITLE     = {\href{https://towardsdatascience.com/audio-ai-isolating-vocals-from-stereo-music-using-convolutional-neural-networks-210532383785}{Audio ai: isolating vocals from stereo music using convolutional neural networks.}},
AUTHOR    = {A. Koretzky},
URL       = {https://towardsdatascience.com/audio-ai-isolating-vocals-from-stereo-music-using-convolutional-neural-networks-210532383785},
YEAR      = {2019}
}
@ARTICLE{SVSGAN,
TITLE     = {\href{https://arxiv.org/pdf/1710.11428.pdf}{Svsgan: Singing voice separation via generative adversarial network}},
AUTHOR    = {Zhe-Cheng Fan and Yen-Lin Lai and Jyh-Shing R. Jang},
YEAR      = {2017}
}
@ARTICLE{SVSGAN2,
TITLE     = {\href{http://media.aau.dk/smc/wp-content/uploads/2017/12/ML4AudioNIPS17_paper_21.pdf}{Singing voice separation using generative adversarial networks}},
AUTHOR    = {Hyeong-seok Choi and Kyogu Lee and Ju-heon Lee},
YEAR      = {2017}
}